<mx:record xmlns="http://www.w3.org/TR/xhtml1/strict" xmlns:mx="http://www.loc.gov/MARC21/slim" xmlns:xsi="http://www.w3.org/2001/XMLSchema-instance"><mx:leader>00000nz   2200000n  4500</mx:leader><mx:controlfield tag="001">oca01823398 </mx:controlfield><mx:controlfield tag="005">19870402171612.3</mx:controlfield><mx:controlfield tag="008">870331n| acannaab|          |a aaa |||  </mx:controlfield><mx:datafield ind1=" " ind2=" " tag="010"><mx:subfield code="a">n  87820217 </mx:subfield></mx:datafield><mx:datafield ind1=" " ind2=" " tag="040"><mx:subfield code="a">DLC</mx:subfield><mx:subfield code="c">DLC</mx:subfield><mx:subfield code="d">DLC</mx:subfield></mx:datafield><mx:datafield ind1="0" ind2=" " tag="100"><mx:subfield code="a">Hyginus,</mx:subfield><mx:subfield code="c">Gromaticus.</mx:subfield></mx:datafield><mx:datafield ind1="0" ind2=" " tag="400"><mx:subfield code="a">Hyginus Gromaticus</mx:subfield><mx:subfield code="w">nnaa</mx:subfield></mx:datafield><mx:datafield ind1="0" ind2=" " tag="500"><mx:subfield code="a">Pseudo-Hyginus</mx:subfield><mx:subfield code="w">nnna</mx:subfield></mx:datafield><mx:datafield ind1=" " ind2=" " tag="670"><mx:subfield code="a">Pseudo-Hyginus. Des fortifications du camp, 1979:</mx:subfield><mx:subfield code="b">p. ix (Hyginus Gromaticus, to whom the work De munitionibus castrorum has previously been attributed)</mx:subfield></mx:datafield><mx:datafield ind1=" " ind2=" " tag="670"><mx:subfield code="a">LC data base, 3/31/87</mx:subfield><mx:subfield code="b">(hdg.: Hyginus Gromaticus)</mx:subfield></mx:datafield><mx:datafield ind1=" " ind2=" " tag="670"><mx:subfield code="a">Oxford classical dict., 1970</mx:subfield><mx:subfield code="b">(Hyginus, Gromaticus, of Trajan's time)</mx:subfield></mx:datafield><mx:datafield ind1=" " ind2=" " tag="670"><mx:subfield code="a">Kleiny Pauly</mx:subfield><mx:subfield code="b">(Hyginus Gromaticus)</mx:subfield></mx:datafield><mx:datafield ind1=" " ind2=" " tag="999"><mx:subfield code="a">691.2170</mx:subfield></mx:datafield></mx:record>